%% This BibTeX bibliography file was created using BibDesk.
%% https://bibdesk.sourceforge.io/

%!TEX root = main.tex


@book{Schneier0078909,
  author    = {Bruce Schneier},
  title     = {Applied cryptography - protocols, algorithms, and source code in C,
               2nd Edition},
  publisher = {Wiley},
  year      = {1996},
  isbn      = {978-0-471-11709-4},
}


@article{DBLP:journals/cacm/Bloom70,
  author    = {Burton H. Bloom},
  title     = {Space/Time Trade-offs in Hash Coding with Allowable Errors},
  journal   = {Commun.},
  year      = {1970},}

@article{BoseGKMMMST08,
  author    = {Prosenjit Bose and
               Hua Guo and
               Evangelos Kranakis and
               Anil Maheshwari and
               Pat Morin and
               Jason Morrison and
               Michiel H. M. Smid and
               Yihui Tang},
  title     = {On the false-positive rate of Bloom filters},
  journal   = {Inf. Process. Lett.},
  year      = {2008}

}

@inproceedings{GarayKL15,
  author    = {Juan A. Garay and
               Aggelos Kiayias and
               Nikos Leonardos},
  title     = {The Bitcoin Backbone Protocol: Analysis and Applications},
  booktitle = {{EUROCRYPT}},
    year={2015}
}


@inproceedings{Pedersen91,
  author    = {Torben P. Pedersen},
  title     = {Non-Interactive and Information-Theoretic Secure Verifiable Secret
               Sharing},
  booktitle = {{CRYPTO}},
  year={1991}
}



@book{DBLP:books/crc/KatzLindell2014,
  author    = {Jonathan Katz and
               Yehuda Lindell},
  title     = {Introduction to Modern Cryptography, Second Edition},
  publisher = {{CRC} Press},
  year      = {2014},
  url       = {https://www.crcpress.com/Introduction-to-Modern-Cryptography-Second-Edition/Katz-Lindell/p/book/9781466570269},
  isbn      = {9781466570269},
  timestamp = {Wed, 10 Jul 2019 10:47:05 +0200},
  biburl    = {https://dblp.org/rec/books/crc/KatzLindell2014.bib},
  bibsource = {dblp computer science bibliography, https://dblp.org}
}



@misc{cryptoeprint:2021:1145,
    author       = {Aydin Abadi and
		    Steven J. Murdoch and
		    Thomas Zacharias},
    title        = {Recurring Contingent Payment for Proofs of Retrievability},
    howpublished = {Cryptology ePrint Archive, Report 2021/1145},
    year         = {2021},
    note         = {\url{https://ia.cr/2021/1145}},
}



@article{ethereum,
  title={Ethereum: A secure decentralised generalised transaction ledger},
  author={Wood, Gavin and others},
  journal={Ethereum project yellow paper},
  year={2014}
}


@article{CoP,
  author    = {{Confirmation of Payee Team}},
  title     = {Confirmation of Payee: Response to consultation CP20/1 and decision on varying Specific Direction 10},
  note = {\url{https://www.psr.org.uk/media/qrbc03jm/psr-ps20-1-variation-of-specific-direction-10-february-2020.pdf}},
  year      = {2020}
}


@techreport{bitcoin,
  title={Bitcoin: A peer-to-peer electronic cash system},
  author={Nakamoto, Satoshi},
  year={2019}
}


@article{Regulations,
  author    = {{The Financial Conduct Authority}},
  title     = {The Payment Services Regulations},
  note = {\url{https://www.legislation.gov.uk/uksi/2017/752/contents/made}},
  year      = {2017}
}



@inproceedings{felt2014experimenting,
  title={Experimenting at scale with google chrome's SSL warning},
  author={Felt, Adrienne Porter and Reeder, Robert W and Almuhimedi, Hazim and Consolvo, Sunny},
  booktitle={Proceedings of the SIGCHI conference on human factors in computing systems},

  year={2014}
}

@article{brinton2016users,
  title={How users perceive and respond to security messages: a NeuroIS research agenda and empirical study},
  author={Brinton Anderson, Bonnie and Vance, Anthony and Kirwan, C Brock and Eargle, David and Jenkins, Jeffrey L},
  journal={European Journal of Information Systems},
  volume={25},
  number={4},
  pages={364--390},
  year={2016},
  publisher={Taylor \& Francis}
}


@article{laughery2006designing,
  title={Designing effective warnings},
  author={Laughery, Kenneth R and Wogalter, Michael S},
  journal={Reviews of human factors and ergonomics},
  year={2006},
  publisher={SAGE Publications Sage CA: Los Angeles, CA}
}







@article{CRM-code,
  author    = {{Lending Standards Board}},
  title     = {Contingent Reimbursement Model Code for Authorised Push Payment Scams},
  note = {\url{https://www.lendingstandardsboard.org.uk/wp-content/uploads/2021/04/CRM-Code-LSB-Final-April-2021.pdf}},
  year      = {2021}
}

@inproceedings{CampanelliGGN17,
  author    = {Matteo Campanelli and
               Rosario Gennaro and
               Steven Goldfeder and
               Luca Nizzardo},
  title     = {Zero-Knowledge Contingent Payments Revisited: Attacks and Payments
               for Services},
  booktitle = {{CCS}'17}

}


